@misc{
    WPWID,
    title = {Widgets API},
    howpublished = {\url{https://codex.wordpress.org/Widgets_API}}
}

@misc{
    WPACTION,
    title = {Plugin API/Action Reference},
    howpublished = {\url{https://codex.wordpress.org/Plugin_API/Action_Reference}}
}

@misc{
    PB,
    title = {SiteOrigin Page Builder},
    howpublished = {\url{https://siteorigin.com/page-builder/}}
}